<record><leader>00000cas a22000007a 4500</leader><controlfield tag="001">25014520</controlfield><controlfield tag="008">911224c198u9999cauwx ne      0   b0hun c</controlfield><datafield ind1=" " ind2=" " tag="010"><subfield code="a">sn 91004731 </subfield></datafield><datafield ind1=" " ind2=" " tag="040"><subfield code="a">NSD</subfield><subfield code="b">eng</subfield><subfield code="c">NSD</subfield><subfield code="d">OCLCQ</subfield></datafield><datafield ind1=" " ind2=" " tag="012"><subfield code="m">1</subfield></datafield><datafield ind1="0" ind2=" " tag="022"><subfield code="a">1060-4790</subfield><subfield code="l">1060-4790</subfield><subfield code="2">1</subfield></datafield><datafield ind1=" " ind2=" " tag="032"><subfield code="a">006161</subfield><subfield code="b">USPS</subfield></datafield><datafield ind1=" " ind2=" " tag="037"><subfield code="b">Amerikai Magyar Hi&#769;rlap, 5528 Fulton Ave., Van Nuys, CA 91401</subfield></datafield><datafield ind1="0" ind2=" " tag="041"><subfield code="a">hun</subfield><subfield code="a">eng</subfield></datafield><datafield ind1=" " ind2=" " tag="042"><subfield code="a">nsdp</subfield><subfield code="a">pcc</subfield></datafield><datafield ind1="1" ind2="0" tag="082"><subfield code="a">071</subfield><subfield code="2">12</subfield></datafield><datafield ind1="0" ind2=" " tag="210"><subfield code="a">Am. m. hi&#769;rl.</subfield></datafield><datafield ind1=" " ind2="0" tag="222"><subfield code="a">Amerikai magyar hi&#769;rlap</subfield></datafield><datafield ind1="0" ind2="0" tag="245"><subfield code="a">Amerikai magyar hi&#769;rlap =</subfield><subfield code="b">American/Hungarian journal.</subfield></datafield><datafield ind1="3" ind2="1" tag="246"><subfield code="a">American/Hungarian journal</subfield></datafield><datafield ind1=" " ind2=" " tag="260"><subfield code="a">Van Nuys, CA :</subfield><subfield code="b">Y.I. and J. Reksz</subfield></datafield><datafield ind1=" " ind2=" " tag="300"><subfield code="a">volumes</subfield></datafield><datafield ind1=" " ind2=" " tag="310"><subfield code="a">Weekly (50 times a year)</subfield></datafield><datafield ind1=" " ind2=" " tag="336"><subfield code="a">text</subfield><subfield code="b">txt</subfield><subfield code="2">rdacontent</subfield></datafield><datafield ind1=" " ind2=" " tag="337"><subfield code="a">unmediated</subfield><subfield code="b">n</subfield><subfield code="2">rdamedia</subfield></datafield><datafield ind1=" " ind2=" " tag="338"><subfield code="a">volume</subfield><subfield code="b">nc</subfield><subfield code="2">rdacarrier</subfield></datafield><datafield ind1=" " ind2=" " tag="546"><subfield code="a">Chiefly Hungarian; some English.</subfield></datafield><datafield ind1=" " ind2=" " tag="588"><subfield code="a">Description based on: 3. e&#769;vf., 44. sza&#769;m (1991. nov. 15).</subfield></datafield><datafield ind1=" " ind2=" " tag="752"><subfield code="a">United States</subfield><subfield code="b">California</subfield><subfield code="c">Los Angeles</subfield><subfield code="d">Van Nuys.</subfield></datafield></record>